@article{gebruDatasheetsDatasets2021,
  title = {Datasheets for Datasets},
  author = {Gebru, Timnit and Morgenstern, Jamie and Vecchione, Briana and Vaughan, Jennifer Wortman and Wallach, Hanna and Iii, Hal Daum{\'e} and Crawford, Kate},
  year = {2021},
  month = dec,
  journal = {Communications of the ACM},
  volume = {64},
  number = {12},
  pages = {86--92},
  doi = {10.1145/3458723},
}
